<?xml version="1.0" encoding="UTF-8"?>
<collection xmlns:xsi="http://www.w3.org/2001/XMLSchema-instance" xsi:schemaLocation="http://www.loc.gov/MARC21/slim http://www.loc.gov/standards/marcxml/schema/MARC21slim.xsd" xmlns="http://www.loc.gov/MARC21/slim">
<record>
  <leader>01802cam a2200361 i 4500</leader>
  <controlfield tag="001">58290</controlfield>
  <controlfield tag="003">NNC</controlfield>
  <controlfield tag="005">20130422230802.0</controlfield>
  <controlfield tag="008">811012r19701905iq       b    001 0 ara d</controlfield>
  <datafield tag="035" ind1=" " ind2=" ">
    <subfield code="a">(OCoLC)506107796</subfield>
  </datafield>
  <datafield tag="035" ind1=" " ind2=" ">
    <subfield code="a">(OCoLC)ocn506107796</subfield>
  </datafield>
  <datafield tag="035" ind1=" " ind2=" ">
    <subfield code="a">(CStRLIN)NYCG81-B529</subfield>
  </datafield>
  <datafield tag="035" ind1=" " ind2=" ">
    <subfield code="9">AAG2087CU</subfield>
  </datafield>
  <datafield tag="035" ind1=" " ind2=" ">
    <subfield code="a">(NNC)58290</subfield>
  </datafield>
  <datafield tag="040" ind1=" " ind2=" ">
    <subfield code="a">NNC</subfield>
    <subfield code="c">NNC</subfield>
    <subfield code="d">NNC</subfield>
  </datafield>
  <datafield tag="090" ind1=" " ind2=" ">
    <subfield code="a">PJ6601</subfield>
    <subfield code="b">.H3 1970</subfield>
  </datafield>
  <datafield tag="245" ind1="0" ind2="3">
    <subfield code="a">al-Kanz al-lughawī fī al-lasan al-ʻArabī naqlan ʻan nusakh qadīmah /</subfield>
    <subfield code="c">saʻy fī nashrihi wa-taʻlīq ḥawāshihi li-Duktūr Ūghust Hafnir.</subfield>
  </datafield>
  <datafield tag="260" ind1=" " ind2=" ">
    <subfield code="a">Baghdād :</subfield>
    <subfield code="b">Aʻādat ṭabʻahu bi-al-ūfsit Maktabat al-Muthanná,</subfield>
    <subfield code="c">[1970?]</subfield>
  </datafield>
  <datafield tag="300" ind1=" " ind2=" ">
    <subfield code="a">328, 73, xiv p. ;</subfield>
    <subfield code="c">25 cm.</subfield>
  </datafield>
  <datafield tag="500" ind1=" " ind2=" ">
    <subfield code="a">Arabic or German.</subfield>
  </datafield>
  <datafield tag="500" ind1=" " ind2=" ">
    <subfield code="a">Vocalized text.</subfield>
  </datafield>
  <datafield tag="500" ind1=" " ind2=" ">
    <subfield code="a">Added t.p., in German: Texte zur arabischen Lexikographie.</subfield>
  </datafield>
  <datafield tag="504" ind1=" " ind2=" ">
    <subfield code="a">Includes bibliographical references and indexes.</subfield>
  </datafield>
  <datafield tag="505" ind1="0" ind2=" ">
    <subfield code="a">Kitāb al-qalb wa-al-ibdāl / ṣanʻat Abī Yūsuf Yaʻqūb ibn Isḥāq al-Sikkīt -- Kitāb al-ibil / ʻan al-Aṣmaʻī -- Kitāb khalq al-insān / taʾlīf Abī Saʻīd ʻAbd al-Malik ibn Qurayb al-Aṣmaʻī.</subfield>
  </datafield>
  <datafield tag="500" ind1=" " ind2=" ">
    <subfield code="a">"Die Texte ... enthalten ... das ,Kitâb el-ʾibil' in zwei verschiedenen Redaktionen"--P. [iii]</subfield>
  </datafield>
  <datafield tag="500" ind1=" " ind2=" ">
    <subfield code="a">Preliminary pages incorrectly bound: [iii]-xiv.</subfield>
  </datafield>
  <datafield tag="500" ind1=" " ind2=" ">
    <subfield code="a">Reprint.  Originally published: Leipzig : Harrassowitz, 1905.</subfield>
  </datafield>
  <datafield tag="650" ind1=" " ind2="0">
    <subfield code="a">Arabic language</subfield>
    <subfield code="x">Lexicography.</subfield>
  </datafield>
  <datafield tag="700" ind1="0" ind2="2">
    <subfield code="a">Ibn al-Sikkīt,</subfield>
    <subfield code="d">-857 or 858.</subfield>
    <subfield code="t">Qalb wa-al-ibdāl.</subfield>
    <subfield code="f">1970.</subfield>
  </datafield>
  <datafield tag="700" ind1="1" ind2="2">
    <subfield code="a">Aṣmaʻī, ʻAbd al-Malik ibn Qurayb,</subfield>
    <subfield code="d">740-approximately 828.</subfield>
    <subfield code="t">Ibil.</subfield>
    <subfield code="f">1970.</subfield>
  </datafield>
  <datafield tag="700" ind1="1" ind2="2">
    <subfield code="a">Aṣmaʻī, ʻAbd al-Malik ibn Qurayb,</subfield>
    <subfield code="d">740-approximately 828.</subfield>
    <subfield code="t">Khalq al-insān.</subfield>
    <subfield code="f">1970.</subfield>
  </datafield>
  <datafield tag="700" ind1="1" ind2=" ">
    <subfield code="a">Haffner, August,</subfield>
    <subfield code="d">1869-</subfield>
  </datafield>
  <datafield tag="740" ind1="0" ind2="1">
    <subfield code="a">Texte zur arabischen Lexikographie.</subfield>
  </datafield>
  <datafield tag="955" ind1=" " ind2=" ">
    <subfield code="b">0036760102</subfield>
    <subfield code="d">glx</subfield>
    <subfield code="e">PJ6601 .H3 1970</subfield>
  </datafield>
</record>
</collection>